@article{fowler2006continuous,
  title={Continuous integration},
  author={Fowler, Martin and Foemmel, Matthew},
  journal={Thought-Works) http://www.thoughtworks.com/Continuous Integration.pdf},
  pages={122},
  year={2006}
}

@misc{CherryPy,
author = {Remi Delon},
title = {A Minimalist Python Web Framework},
url = {http://www.cherrypy.org/},
urldate = {05-11-2015},
date = {2003},
}

@misc{GitHub,
author = {Tom Preston-Werner, Chris Wanstrath, PJ Hyett},
title = {Web hosting service},
url = {https://github.com/},
urldate = {05-11-2015},
year = {2008},
}

@book{GoF,
  author={Gamma, Erich and Helm, Richard and Johnson, Ralph and Vlissides, John},
  title={Design Patterns: Elements of Reusable Object-Oriented Software},
  year={2008},
  publisher={Addison--Wesley}
}

@misc{fowler1999refactoring,
  title={Refactoring: Improving the design of existing programs},
  author={Fowler, Martin and Beck, Kent and Brant, J and Opdyke, William and Roberts, Don},
  year={1999},
  publisher={Addison-Wesley Reading}
}

@misc{neuman2015building,
  title={Building Microservices: Designing Fine-Grained Systems},
  author={Neuman, Sam},
  year={2015},
  publisher={O'Reilly Media}
}

@misc{HTTP,
author = {Tim Berners-Lee},
title = {Hypertext Transfer Protocol},
urldate = {05-11-2015},
year = {1990},
}

@misc{Mako,
author = {Michael Bayer},
title = {Template library for web application in python},
url = {http://www.makotemplates.org/},
urldate = {05-11-2015},
year = {2007},
}

@misc{PIL,
author = {Fredrik Lundh},
title = {Python Image Library},
url = {http://effbot.org/imagingbook/},
urldate = {05-11-2015},
year = {1995},
}

@misc{SQLite,
author = {D. Richard Hipp},
title = {Relational database management system},
url = {https://www.sqlite.org/},
urldate = {05-11-2015},
year = {2000},
}
